<?xml version="1.0" encoding="UTF-8"?><collection xmlns="http://www.loc.gov/MARC21/slim"><record><leader>00645nam--2200181-i-4500</leader><controlfield tag="001">000045194</controlfield><controlfield tag="002">20161230</controlfield><controlfield tag="005">20161230201044</controlfield><controlfield tag="008">060222s1000------------r-----000-0-eng-d</controlfield><datafield ind1=" " ind2=" " tag="040"><subfield code="a">IFIN-HH</subfield></datafield><datafield ind1=" " ind2=" " tag="080"><subfield code="a">519.72:007(061.3)</subfield></datafield><datafield ind1="1" ind2=" " tag="110"><subfield code="a">Czechoslovak Academy Of Scince</subfield></datafield><datafield ind1="1" ind2="0" tag="245"><subfield code="a">Transactions of the ninth prague conference on information theory, statistical decision functions, random processes, held at prague from june 28 to july 2, 1982. volume a and volume b</subfield></datafield><datafield ind1=" " ind2=" " tag="260"><subfield code="a">Prague</subfield><subfield code="b">Czechoslovak Academy Of Sciences</subfield><subfield code="c">1983</subfield></datafield><datafield ind1=" " ind2=" " tag="300"><subfield code="a">2 VOLUME</subfield></datafield><datafield ind1="1" ind2=" " tag="787"><subfield code="a">Vol. B</subfield><subfield code="d">1983</subfield><subfield code="h">310p</subfield></datafield><datafield ind1=" " ind2=" " tag="852"><subfield code="a">72913</subfield><subfield code="c">519.24</subfield></datafield><datafield ind1=" " ind2=" " tag="CAT"><subfield code="a">Sys</subfield><subfield code="c">20130805</subfield><subfield code="h">170710</subfield></datafield></record></collection>